@book{koza92,
		author    = "Koza, John R.",
		title     = "Genetic Programming: On the Programming of Computers by Means of Natural Selection",
		publisher = "MIT Press",
		year      = "1992"
}


@misc{ wiki:latex,
       author = "Wikipedia",
       title = "LaTeX --- Wikipedia{,} La enciclopedia libre",
       year = "2015",
       url = "https://es.wikipedia.org/w/index.php?title=LaTeX&oldid=84209252",
       note = "[Internet; descargado 30-septiembre-2015]"
}

@misc{
	wiki:jetbrainshelp,
	author = "Jetbrains",
	title = "Jetbrains --- Help",
	year = "2015",
	url = "https://www.jetbrains.com/help/pycharm/quick-start-guide.html",
	note = "[Internet]"
}


@misc{
	doc:svgwritedocs,
	title={SVGWRITE Documentation},
	howpublished = "\url{https://svgwrite.readthedocs.io/en/latest/overview.html}"
}

@misc{
	doc:snapsvg,
	title = "Snap.svg documentation",
	url = "http://snapsvg.io/docs/",
}

@misc{doc:networkx,
	title={NetworkX Documentation},
	howpublished="\url{https://networkx.github.io/documentation/stable/index.html}"
}

@misc{grinberg-mega,
	title="{The Flask Mega-Tutorial}",
	author={Grinberg, Miguel},
	year={2017},
	howpublished="\url{https://blog.miguelgrinberg.com/post/the-flask-mega-tutorial-part-i-hello-world}"
}

@misc{deploy-flask-azure,
	title="{Deploy Python apps to Azure App Service on Linux from Visual Studio Code}",
	author={Microsoft},
	howpublished="\url{https://docs.microsoft.com/en-us/azure/developer/python/tutorial-deploy-app-service-on-linux-01}"
}

@misc{doc:bootstrap,
	title={Bootstrap Documentation},
	author={Bootstrap Contibutors},
	howpublished="\url{https://getbootstrap.com/}"
}

@misc{doc:vue,
	title={Vue Documentation},
	author={Vue Contibutors},
	howpublished="\url{https://es.vuejs.org/v2/guide/index.html}"
}

@misc{pycharm-price,
	title="{PyCharm: JetBrains toolbox Subscription}",
	howpublished="\url{https://www.jetbrains.com/pycharm/buy/#edition=personal}"
}

@misc{azure-price,
	title="{Azure Pricing calculator}",
	howpublished="\url{https://azure.microsoft.com/en-us/pricing/calculator}"
}

@misc{google-price,
	title="{Google Pricing}",
	howpublished="\url{https://cloud.google.com/maps-platform/pricing?hl=es}"
}
@misc{firebase-price,
	title="{Firebase Pricing}",
	howpublished="\url{https://firebase.google.com/pricing?hl=es-419}"
}

@misc{wiki:minimum-spanning-tree,
	author = "{Wikipedia contributors}",
	title = "Minimum spanning tree --- {Wikipedia}{,} The Free Encyclopedia",
	year = "2020",
	howpublished = "\url{https://en.wikipedia.org/w/index.php?title=Minimum_spanning_tree&oldid=960990730}",
	note = "[Online; accessed 27-June-2020]"
}

@misc{wiki:gnu-choose,
	title={How to choose a license for your own work},
	howpublished="\url{https://www.gnu.org/licenses/license-recommendations.en.html}"
}

@misc{wiki:gpl3,
	title={GNU General Public License v3.0},
	howpublished="\url{https://www.gnu.org/licenses/gpl-3.0.en.html}"
}
