@misc{ wiki:xml,
	author = "Wikipedia",
	title = "Extensible Markup Language --- Wikipedia{,} La enciclopedia libre",
	year = "2020",
	url = "https://es.wikipedia.org/w/index.php?title=Extensible_Markup_Language&oldid=123634328",
	note = "[Internet; descargado 11-marzo-2020]"
}

@book{grinberg2014flask,
	title={Flask Web Development: Developing Web Applications with Python},
	author={Grinberg, Miguel},
	isbn={9781491947616},
	url={https://books.google.es/books?id=VKRwAwAAQBAJ},
	year={2014},
	publisher={O'Reilly Media}
}

@misc{grinberg-mega,
	title="{The Flask Mega-Tutorial}",
	author={Grinberg, Miguel},
	year={2017},
	howpublished="\url{https://blog.miguelgrinberg.com/post/the-flask-mega-tutorial-part-i-hello-world}"
}

@misc{ wiki:xxx,
	author = "{Wikipedia contributors}",
	title = "Gliwice --- {Wikipedia}{,} The Free Encyclopedia",
	year = "2020",
	url = "https://en.wikipedia.org/w/index.php?title=Gliwice&oldid=944873432",
	note = "[Online; accessed 11-March-2020]"
}

@misc{doc:bootstrap,
	title={Bootstrap Documentation},
	author={Bootstrap Contibutors},
	howpublished="\url{https://getbootstrap.com/docs/3.3/}"
}

@misc{w3schools,
	title ="{W3Schools}",
	howpublished="\url{https://www.w3schools.com/}",
}
@misc{doc:flask,
	title={Flask Documentation},
	howpublished="\url{http://flask.pocoo.org/docs/1.0/}"
}

@misc{ wiki:latex,
       author = "Wikipedia",
       title = "LaTeX --- Wikipedia{,} La enciclopedia libre",
       year = "2015",
       url = "https://es.wikipedia.org/w/index.php?title=LaTeX&oldid=84209252",
       note = "[Internet; descargado 30-septiembre-2015]"
}


@article{bortolot2005,
  title={Estimating forest biomass using small footprint LiDAR data: An individual tree-based approach that incorporates training data},
  author={Bortolot, Zachary J and Wynne, Randolph H},
  journal={ISPRS Journal of Photogrammetry and Remote Sensing},
  volume={59},
  number={6},
  pages={342--360},
  year={2005},
  publisher={Elsevier}
}

